%% This BibTeX bibliography file was created using BibDesk.
%% http://bibdesk.sourceforge.net/


%% Created for Quan Shengjie at 2016-12-04 20:31:40 -0500 


%% Saved with string encoding Unicode (UTF-8) 



@url{awsq,
	Author = {{Amazon Web Services, Inc.}},
	Date-Added = {2016-12-05 01:29:54 +0000},
	Date-Modified = {2016-12-05 01:31:37 +0000},
	Title = {Amazon Quicksight},
	Urldate = {https://quicksight.aws/?sc_channel=PS&sc_campaign=acquisition_US&sc_publisher=google&sc_medium=quicksight_b&sc_content=quicksight_e&sc_detail=aws%20quicksight&sc_category=quicksight&sc_segment=161027700234&sc_matchtype=e&sc_country=US&s_kwcid=AL!4422!3!161027700234!e!!g!!aws%20quicksight&ef_id=VxrS5QAAAT2hqQnE:20161205012400:s}}

@article{emmm,
	Author = {Stephen Few},
	Date-Added = {2016-12-04 22:05:55 +0000},
	Date-Modified = {2016-12-04 22:06:40 +0000},
	Journal = {Perceptual Edge},
	Month = {9},
	Title = {Eenie, Meenie, Minie, Moe: Selecting the Right Graph for Your Message},
	Year = {2004}}

@article{mith,
	Author = {Michael Friendly},
	Date-Added = {2016-12-04 22:05:53 +0000},
	Date-Modified = {2016-12-04 22:05:53 +0000},
	Month = {8},
	Title = {Milestones in the History of Thematic Cartography, Statistical Graphics, and Data Visualization},
	Year = {2009}}
