%% This BibTeX bibliography file was created using BibDesk.
%% http://bibdesk.sourceforge.net/


%% Created for Quan Shengjie at 2015-09-17 22:08:15 -0400 


%% Saved with string encoding Unicode (UTF-8) 

@online{wvlw,
	Author = {Igor Bartolic},
	Publisher = {The Best Wireless Internet},
	Lastchecked = {Jan 27, 2016},
	Title = {WiMAX vs LTE â€“ What is a Better 4G Technology},
	Url = {hhttp://thebestwirelessinternet.com/wimax-vs-lte.html}}